@String{AAAG		= {An. Assoc. Amer. Geog.}}
@String{AAS		= {Adv. Atmos. Sci.}}
@String{ACP		= {Atmos. Chem. Phys.}}
@String{ACPD		= {Atmos. Chem. Phys. Discuss.}}
@String{ActaMeteorSinica= {Acta Meteor. Sinica}}
@String{AFM		= {Agr. Forest Meteorol.}}
@String{AgronJ		= {Agron. J.}}
@String{AMet		= {Adv. Meteorol.}}
@String{AmNat		= {Am. Nat.}}
@String{AMT		= {Atmos. Meas. Tech.}}
@String{AnnApplStat     = {Ann. Appl. Stat.}}
@String{AnnBot		= {Ann. Bot.}}
@String{AREES		= {Annu. Rev. Ecol. Evol. Syst.}}
@String{AREPS		= {Annu. Rev. Earth Planet. Sci.}}
@String{ARER		= {Annu. Rev. Environ. Resour.}}
@String{ARMS		= {Annu. Rev. Mar. Sci.}}
@String{ASR		= {Adv. Space Res.}}
@String{AtmosEnviron	= {Atmos. Environ.}}
@String{AtmosRes	= {Atmos. Res.}}
@String{AustJBot	= {Aust. J. Bot.}}
@String{AWR		= {Adv. Water Resour.}}
@String{BAMS		= {Bull. Am. Meteorol. Soc.}}
@String{BayesianAnal    = {Bayesian Anal.}}
@String{Biogeochemistry = {Biogeochemistry}}
@String{Biogeosci	= {Biogeosci.}}
@String{BiogeosciDiscuss= {Biogeosci. Discuss.}}
@String{BiodiversConserv= {Biodivers. Conserv.}}
@String{BiolConserv	= {Biol. Conserv.}}
@String{Bioscience      = {Bioscience}}
@String{CAMCoS          = {Comm. App. Math Comp. Sci.}}
@String{CanJForestRes   = {Can. J. Forest Res.}}
@String{CarbonManag     = {Carbon Manag.}}
@String{Catena		= {Catena}}
@String{ClimChange	= {Clim. Change}}
@String{ClimDyn		= {Clim. Dyn.}}
@String{COES		= {Curr. Opin. Environ. Sustainability}}
@String{ComputGeosci	= {Comput. Geosci.}}
@String{ComputSciEng	= {Comput. Sci. Eng.}}
@String{ConservEcol	= {Conserv. Ecol.}}
@String{Earth-SciRev    = {Earth-Sci. Rev.}}
@String{EcolAppl	= {Ecol. Appl.}}
@String{EcolIndic	= {Ecol. Indic.}}
@String{EcolInform	= {Ecol. Inform.}}
@String{EcolLett	= {Ecol. Lett.}}
@String{EcolModel	= {Ecol. Model.}}
@String{EcolMonogr	= {Ecol. Monogr.}}
@String{Ecology		= {Ecology}}
@String{Ecosphere	= {Ecosphere}}
@String{Ecosystems	= {Ecosystems}}
@String{EES		= {Energy Environ. Sci.}}
@String{EI		= {Earth Interact.}}
@String{Elements        = {Elements}}
@String{EMS		= {Environ. Modell. Softw.}}
@String{EnvironConserv	= {Environ. Conserv.}}
@String{EnvironManage	= {Environ. Manage.}}
@String{Eos		= {Eos Trans. AGU}}
@String{EP		= {Energ. Policy}}
@String{ERL		= {Environ. Res. Lett.}}
@String{ESSD		= {Earth Syst. Sci. Data}}
@String{ESSDD		= {Earth Syst. Sci. Data Discuss.}}
@String{ForestEcolManag = {Forest Ecol. Manag.}}
@String{FrontEcolEnviron= {Front. Ecol. Environ.}}
@String{FrontMicrobio	= {Front. Microbio.}}
@String{FunctEcol	= {Funct. Ecol.}}
@String{GBC		= {Global Biogeochem. Cycles}}
@String{GCB		= {Glob. Change Biol.}}
@String{GeochimCosmochimAc= {Geochim. Cosmochim. Ac.}}
@String{Geoderma	= {Geoderma}}
@String{GMD		= {Geosci. Model Dev.}}
@String{GMDD		= {Geosci. Model Dev. Discuss.}}
@String{GPC		= {Glob. Planet. Change}}
@String{GRL		= {Geophys. Res. Lett.}}
@String{HESS		= {Hydrol. Earth Syst. Sci.}}
@String{HESSD		= {Hydrol. Earth Syst. Sci. Discuss.}}
@String{HydrogeolJ	= {Hydrogeol. J.}}
@String{IJB		= {Int. J. Biometeorol.}}
@String{IJHPCA		= {Int. J. High Perf. Comput. Appl.}}
@String{IJOC		= {Int. J. Climatol.}}
@String{IJRS		= {Int. J. Remote Sens.}}
@String{IJUQ            = {Int. J. Uncertain. Quantif.}}
@String{IntJClimatol	= {Int. J. Climatol.}}
@String{JAC		= {J. Atmos. Chem.}}
@String{JAMC		= {J. Appl. Meteor. Climatol.}}
@String{JAMES		= {J. Adv. Model. Earth Syst.}}
@String{JARS            = {J. Appl. Rem. Sens.}}
@String{JAS		= {J. Atmos. Sci.}}
@String{JASA            = {J. Am. Stat. Assoc.}}
@String{JAWRA		= {J. Am. Water Resour. Assoc.}}
@String{JClim		= {J. Clim.}}
@String{JContamHydrol   = {J. Contam. Hydrol.}}
@String{JCP		= {J. Comput. Phys.}}
@String{JEcol		= {J. Ecol.}}
@String{JExpBiol	= {J. Exp. Biol.}}
@String{JExpBot		= {J. Exp. Bot.}}
@String{JFor		= {J. For.}}
@String{JGlaciol	= {J. Glaciol.}}
@String{JGlobOptim      = {J. Glob. Optim.}}
@String{JGR		= {J. Geophys. Res.}}
@String{JGRA		= {J. Geophys. Res. Atmos.}}
@String{JGRB		= {J. Geophys. Res. Biogeosci.}}
@String{JGRO		= {J. Geophys. Res. Oceans}}
@String{JGS		= {J. Geograph. Syst.}}
@String{JH		= {J. Hydrol.}}
@String{JHE		= {J. Hydrol. Eng.}}
@String{JHM		= {J. Hydrometeor.}}
@String{JMarSyst	= {J. Mar. Syst.}}
@String{JMathBiol	= {J. Math. Biol.}}
@String{JMeteorolSocJpn	= {J. Meteorol. Soc. Jpn.}}
@string{JOceanogr	= {J. Oceanogr.}}
@String{JPConf		= {J. Phys.: Conf. Ser.}}
@String{JPE             = {J. Plant Ecol.}}
@String{JPO		= {J. Phys. Oceanogr.}}
@String{JQSRT		= {Journal of Quantitative Spectroscopy and Radiative Transfer}}
@String{JSciComput      = {SIAM J. Sci. Comput.}}
@String{JUQ             = {SIAM/ASA J. Uncertain. Quantif.}}
@String{LandscapeEcol	= {Landscape Ecol.}}
@String{LDD             = {Land Degrad. Dev.}}
@String{LimnolOceanogr	= {Limnol. Oceanogr.}}
@String{MathGeosci      = {Math. Geosci.}}
@String{MCFNS		= {Math. Comput. For. Nat.-Res. Sci.}}
@String{MEE             = {Methods Ecol. Evol.}}
@String{MMCE		= {Math. Modeling and Comput. Exper.}}
@String{MWR		= {Mon. Wea. Rev.}}
@String{NatCommun	= {Nat. Commun.}}
@String{NatGeosci	= {Nat. Geosci.}}
@String{NatRevMicro	= {Nat. Rev. Micro.}}
@String{Nature		= {Nature}}
@String{NatureClimChange= {Nature Clim. Change}}
@String{NatureGeosci	= {Nat. Geosci.}}
@String{NewPhytol	= {New Phytol.}}
@String{OceanModel	= {Ocean Model.}}
@String{Oceanography	= {Oceanography}}
@String{Oecologia	= {Oecologia}}
@String{OM		= {Ocean Model.}}
@String{OpenJSoilSci	= {Open J. Soil Sci.}}
@String{PCE		= {Plant Cell Environ.}}
@String{PCS		= {Procedia Comput. Sci.}}
@String{PhilTransRSocA  = {Phil. Trans. R. Soc. A}}
@String{PhilTransRSocB  = {Phil. Trans. R. Soc. B}}
@String{PhysChemEarth   = {Phys. Chem. Earth}}
@String{PERS		= {Photogramm. Eng. Rem. Sens.}}
@String{PlantCellEnviron= {Plant Cell Environ.}}
@String{PlantPhysiol	= {Plant Physiol.}}
@String{PlantSoil	= {Plant Soil}}
@String{PLoSBiol	= {PLoS Biol.}}
@String{PLoSONE		= {PLoS ONE}}
@String{PNAS		= {Proc. Nat. Acad. Sci.}}
@String{PRSLB		= {Proc. R. Soc. Lond. B}}
@String{PPP		= {Permafrost Periglac.}}
@String{ProcSPIE	= {Proc. SPIE}}
@String{RESS		= {Reliab. Eng. Syst. Safe.}}
@String{RG		= {Rev. Geophys.}}
@String{RemoteSens	= {Remote Sens.}}
@String{RSE		= {Remote Sens. Environ.}}
@String{SciAdv		= {Sci. Adv.}}
@String{SciAm		= {Sci. Am.}}
@String{SciChinaSerDES  = {Sci. China Ser. D-Earth Sci.}}
@String{Science		= {Science}}
@String{SoilBio		= {Soil Biology and Biochemistry}}
@String{SPEJ		= {Soc. Petrol. Eng. J.}}
@String{SSSAJ		= {Soil Sci. Soc. Am. J.}}
@String{TAC		= {Theor. Appl. Climatol.}}
@String{TC              = {The Cryosphere}}
@String{TCD             = {The Cryosphere Discuss.}}
@String{TEE             = {Trends Ecol. Evol.}}
@String{Tellus		= {Tellus}}
@String{TellusB		= {Tellus B}}
@String{Trees		= {Trees -- Struct. Funct.}}
@String{VZJ		= {Vadose Zone J.}}
@String{WRR		= {Water Resour. Res.}}
